
@article{bergmann2017sed,
	title = {{SED}-{ML} web tools: generate, modify and export standard-compliant simulation studies},
	volume = {33},
	issn = {1367-4811},
	shorttitle = {{SED}-{ML} web tools},
	number = {8},
	journal = {Bioinformatics (Oxford, England)},
	author = {Bergmann, Frank T. and Nickerson, David and Waltemath, Dagmar and Scharm, Martin},
	year = {2017},
	pmid = {28049131},
	pmcid = {PMC5860579},
	pages = {1253--1254}
}

@incollection{bevensee1995,
	address = {San Diego CA},
	series = {Methods in {Neurosciences}},
	title = {Manipulation and regulation of cytosolic {pH}},
	volume = {27},
	booktitle = {Measurement and {Manipulation} of {Intracellular} {Ions}, {Jacob} {Kracicer} \& {Jeffrey} {Dixon}, {Eds}.},
	publisher = {Academic Press},
	author = {Bevensee, M. O. and Boron, W. F.},
	year = {1995},
	pages = {252--273}
}

@incollection{bevensee2013control,
	edition = {5th},
	title = {Control of intracellular {pH}},
	volume = {2},
	booktitle = {Seldin and {Giebisch}'s {The} {Kidney}: {Physiology} \& {Pathophysiology}},
	publisher = {Academic Press},
	author = {Bevensee, M. O. and Boron, W. F.},
	year = {2013},
	pages = {1773--1835}
}

@article{boron1977intracellular,
	title = {Intracellular {pH} transients in giant barnacle muscle fibers},
	volume = {233},
	issn = {0002-9513},
	number = {3},
	journal = {American Journal of Physiology},
	author = {Boron, W. F.},
	year = {1977},
	pmid = {20782},
	pages = {C61--73}
}

@incollection{boron1989cellular,
	address = {New York},
	title = {Cellular buffering and intracellular {pH}},
	booktitle = {The {Regulation} of {Acid}-{Base} {Balance} ({DW} {Seldin} \& {G} {Giebisch}, eds)},
	publisher = {Raven Press},
	author = {Boron, W. F.},
	year = {1989},
	pages = {33--56}
}

@incollection{boron1992control,
	address = {New York},
	title = {Control of intracellular {pH}},
	booktitle = {The {Kidney}, {Physiology} and {Pathophysiology}, 2nd ed. {DW} {Seldin} \& {G} {Giebisch}, eds},
	publisher = {Raven Press},
	author = {Boron, W. F.},
	year = {1992}
}

@article{boron2004regulation,
	title = {Regulation of intracellular {pH}},
	volume = {28},
	issn = {1043-4046},
	number = {1},
	journal = {Advances in Physiology Education},
	author = {Boron, W. F.},
	year = {2004},
	pmid = {15545345},
	pages = {160--179}
}

@article{boron2010sharpey,
	title = {Sharpey-{Schafer} lecture: gas channels},
	volume = {95},
	issn = {1469-445X},
	shorttitle = {Sharpey-{Schafer} lecture},
	number = {12},
	journal = {Experimental Physiology},
	author = {Boron, W. F.},
	year = {2010},
	pmid = {20851859},
	pages = {1107--1130}
}

@incollection{boron2016acid,
	address = {Philadelphia, PA},
	edition = {3rd Edition},
	title = {Acid-base physiology},
	isbn = {978-1-4557-4377-3},
	booktitle = {Medical {Physiology}: {A} {Cellular} and {Molecular} {Approach}},
	publisher = {Saunders Elsevier},
	author = {Boron, W. F.},
	editor = {Boron, Walter F. and Boulpaep, Emile L.},
	year = {2016},
	pages = {628--646},
	annote = {Google-Books-ID: ouysDAEACAAJ}
}

@book{boron2016medical,
	address = {Philadelphia, PA},
	edition = {3rd edition},
	title = {Medical {Physiology}},
	isbn = {978-1-4557-4377-3},
	publisher = {Elsevier},
	editor = {Boron, W. F. and Boulpaep, Emile L.},
	year = {2016}
}
@article{boron1976intracellular,
	title = {Intracellular {pH} transients in squid giant axons caused by {CO}₂, {NH}₃, and metabolic inhibitors},
	volume = {67},
	issn = {0022-1295},
	number = {1},
	journal = {Journal of General Physiology},
	author = {Boron, W. F. and De Weer, P.},
	year = {1976},
	pmid = {1460},
	pmcid = {PMC2214912},
	pages = {91--112}
}
@article{boron1976p,
	title = {Intracellular {pH} transients in squid giant axons caused by {CO}₂, {NH}₃, and metabolic inhibitors},
	volume = {67},
	issn = {0022-1295},
	number = {1},
	journal = {Journal of General Physiology},
	author = {Boron, W. F. and De Weer, P.},
	year = {1976},
	pmid = {1460},
	pmcid = {PMC2214912},
	pages = {91--112}
}

@article{boron1976active,
	title = {Active proton transport stimulated by {CO}$_{\textrm{2}}$$/${HCO}$_{\textrm{3}}$$^{\textrm{−}}$, blocked by cyanide},
	volume = {259},
	number = {5540},
	journal = {Nature},
	author = {Boron, W. F. and De Weer, P.},
	year = {1976},
	pages = {240--241}
}

@article{boron1979ph,
	title = {{pH} regulation in barnacle muscle fibers: dependence on intracellular and extracellular {pH}},
	volume = {237},
	issn = {0002-9513},
	shorttitle = {{pH} regulation in barnacle muscle fibers},
	number = {3},
	journal = {American Journal of Physiology},
	author = {Boron, W. F. and McCormick, W. C. and Roos, A.},
	year = {1979},
	pmid = {38672},
	pages = {C185--193}
}

@article{boron1976comparison,
	title = {Comparison of microelectrode, {DMO}, and methylamine methods for measuring intracellular {pH}},
	volume = {231},
	issn = {0002-9513},
	number = {3},
	journal = {American Journal of Physiology},
	author = {Boron, W. F. and Roos, A.},
	year = {1976},
	pmid = {9832},
	pages = {799--809}
}

@article{boron1994unique,
	title = {Unique permeability barrier of the apical surface of parietal and chief cells in isolated perfused gastric glands},
	volume = {196},
	issn = {0022-0949},
	journal = {The Journal of Experimental Biology},
	author = {Boron, W. F. and Waisbren, S. J. and Modlin, I. M. and Geibel, J. P.},
	year = {1994},
	pmid = {7823033},
	pages = {347--360}
}

@article{brasen2014local,
	title = {Local {pH} domains regulate {NHE3}-mediated {Na}⁺ reabsorption in the renal proximal tubule},
	volume = {307},
	issn = {1522-1466},
	number = {11},
	journal = {American Journal of Physiology - Renal Physiology},
	author = {Brasen, Jens Christian and Burford, James L. and McDonough, Alicia A. and Holstein-Rathlou, Niels-Henrik and Peti-Peterdi, Janos},
	year = {2014},
	pmid = {25298526},
	pmcid = {PMC4254968},
	pages = {F1249--1262}
}

@article{bronsted1923einige,
	title = {Einige {Bemerkungen} über den {Begriff} der {Säuren} und {Basen}},
	volume = {42},
	issn = {0165-0513},
	number = {8},
	journal = {Recueil des Travaux Chimiques des Pays-Bas},
	author = {Brönsted, J. N.},
	year = {1923},
	pages = {718--728}
}

@article{calvetti2020,
	title = {Computational model of electrode-induced microenvironmental effects on {pH} measurements near a cell membrane},
	volume = {(in press)},
	journal = {SIAM Multiscale Modeling \& Simulation},
	author = {Calvetti, D. and Prezioso, J. and Occhipinti, Rossana and Boron, W. F. and Somersalo, E.},
	year = {2020}
}

@article{cuellar2003overview,
	title = {An Overview of {CellML} 1.1, a Biological Model Description Language},
	volume = {79},
	issn = {0037-5497},
	number = {12},
	journal = {Simulation},
	author = {Cuellar, Autumn A. and Lloyd, Catherine M. and Nielsen, Poul F. and Bullivant, David P. and Nickerson, David P. and Hunter, Peter J.},
	year = {2003},
	pages = {740--747}
}

@article{edwards2017cell,
	title = {Cell Volume Regulation in the Proximal Tubule of Rat Kidney},
	volume = {79},
	issn = {1522-9602},
	number = {11},
	journal = {Bulletin of Mathematical Biology},
	author = {Edwards, Aurélie and Layton, Anita T.},
	year = {2017},
	pages = {2512--2533}
}

@book{layton2014mathematical,
	address = {Berlin Heidelberg},
	series = {Lecture {Notes} on {Mathematical} {Modelling} in the {Life} {Sciences}},
	title = {Mathematical Modeling in Renal Physiology},
	publisher = {Springer-Verlag},
	author = {Layton, Anyta T. and Edwards, Aurelie},
	year = {2014}
}

@article{endeward2005low,
	title = {Low carbon dioxide permeability of the apical epithelial membrane of guinea-pig colon},
	volume = {567},
	issn = {0022-3751},
	number = {Pt 1},
	journal = {The Journal of Physiology},
	author = {Endeward, Volker and Gros, Gerolf},
	year = {2005},
	pmid = {15932894},
	pages = {253--265}
}

@article{endeward2009extra,
	title = {Extra- and intracellular unstirred layer effects in measurements of {CO}$_{\textrm{2}}$ $^{\textrm{18}}${O} technique for red blood cells},
	volume = {587},
	issn = {1469-7793},
	number = {Pt 6},
	journal = {The Journal of Physiology},
	author = {Endeward, Volker and Gros, Gerolf},
	year = {2009},
	pmid = {19139045},
	pages = {1153--1167}
}

@article{endeward2006evidence,
	title = {Evidence that aquaporin 1 is a major pathway for {CO}₂ transport across the human erythrocyte membrane},
	volume = {20},
	issn = {1530-6860},
	number = {12},
	journal = {The FASEB Journal},
	author = {Endeward, V. and Musa-Aziz, R. and Cooper, G. J. and Chen, L. M. and Pelletier, M. F. and Virkki, L. V. and Supuran, C. T. and King, L. S. and Boron, W. F. and Gros, G.},
	year = {2006},
	pmid = {17012249},
	pages = {1974--1981}
}

@article{harned1943ionization,
	title = {The Ionization Constant of Carbonic Acid in Water and the Solubility of Carbon Dioxide in Water and Aqueous Salt Solutions from 0 to 50°},
	volume = {65},
	issn = {0002-7863},
	number = {10},
	journal = {Journal of the American Chemical Society},
	author = {Harned, Herbert S. and Davis, Raymond},
	year = {1943},
	pages = {2030--2037}
}

@article{henderson1921blood,
	title = {Blood as a {Physicochemical} {System}},
	volume = {46},
	issn = {0021-9258, 1083-351X},
	abstract = {L. J. Henderson},
	number = {2},
	journal = {Journal of Biological Chemistry},
	author = {Henderson, L. J.},
	year = {1921},
	pages = {411--419}
}

@inproceedings{jacobs1940some,
  title={Some aspects of cell permeability to weak electrolytes},
  author={Jacobs, M. H.},
  booktitle={Cold Spring Harbor Symposia on Quantitative Biology},
  volume={8},
  pages={30--39},
  year={1940},
  organization={Cold Spring Harbor Laboratory Press}
}

@article{keifer1981membrane,
	title = {Membrane permeability to the molecular and ionic forms of {DMO} in barnacle muscle},
	volume = {240},
	issn = {0002-9513},
	number = {1},
	journal = {American Journal of Physiology},
	author = {Keifer, D. W. and Roos, A.},
	year = {1981},
	pmid = {6257118},
	pages = {C73--79}
}

@article{koppel1914wirkung,
	title = {Über die {Wirkung} von {Moderatoren} ({Puffern}) bei der {Verschiebung} des {Säure}-{Basengleichgewichtes} in biologischen {Flüssigkeiten}},
	volume = {65},
	journal = {Biochemische Zeitung},
	author = {Koppel, M. \& Spiro, K.},
	year = {1914},
	pages = {409--439}
}

@article{krahn1996acid,
	title = {Acid/base transport in a model of the proximal tubule brush border: impact of carbonic anhydrase},
	volume = {270},
	issn = {1931-857X, 1522-1466},
	shorttitle = {Acid/base transport in a model of the proximal tubule brush border},
	number = {2},
	journal = {American Journal of Physiology - Renal Physiology},
	author = {Krahn, T. A. and Weinstein, A. M.},
	year = {1996},
	pmid = {8779897},
	pages = {F344--F355}
}

@article{leem1999characterization,
	title = {Characterization of intracellular {pH} regulation in the guinea-pig ventricular myocyte},
	volume = {517 ( Pt 1)},
	issn = {0022-3751},
	journal = {The Journal of Physiology},
	author = {Leem, C. H. and Lagadic-Gossmann, D. and Vaughan-Jones, R. D.},
	year = {1999},
	pmid = {10226157},
	pmcid = {PMC2269328},
	pages = {159--180}
}

@article{milne1958non,
	title = {Non-ionic diffusion and the excretion of weak acids and bases},
	volume = {24},
	issn = {0002-9343},
	number = {5},
	journal = {The American Journal of Medicine},
	author = {Milne, M. D. and Scribner, B. H. and Crawford, M. A.},
	year = {1958},
	pmid = {13520769},
	pages = {709--729}
}

@article{musa2010using,
	title = {Using fluorometry and ion-sensitive microelectrodes to study the functional expression of heterologously-expressed ion channels and transporters in \textit{{Xenopus}} oocytes},
	volume = {51},
	issn = {1095-9130},
	number = {1},
	journal = {Methods},
	author = {Musa-Aziz, Raif and Boron, Walter F. and Parker, Mark D.},
	year = {2010},
	pmid = {20051266},
	pages = {134--145}
}

@article{musa2009relative,
	title = {Relative {CO}₂/{NH}₃ selectivities of {AQP1}, {AQP4}, {AQP5}, {AmtB}, and {RhAG}},
	volume = {106},
	issn = {1091-6490},
	number = {13},
	journal = {Proceedings of the National Academy of Sciences of the United States of America},
	author = {Musa-Aziz, Raif and Chen, L. M. and Pelletier, Marc F. and Boron, Walter F.},
	year = {2009},
	pmid = {19273840},
	pages = {5406--5411}
}

@article{musa2009concentration,
	title = {Concentration-dependent effects on intracellular and surface {pH} of exposing \textit{{Xenopus}} oocytes to solutions containing {NH}$_{\textrm{3}}$/{NH}$_{\textrm{4}}^{\textrm{+}}$},
	volume = {228},
	issn = {1432-1424},
	number = {1},
	journal = {The Journal of Membrane Biology},
	author = {Musa-Aziz, Raif and Jiang, Lihong and Chen, L. M. and Behar, Kevin L. and Boron, Walter F.},
	year = {2009},
	pmid = {19242745},
	pages = {15--31}
}

@article{musa2014evidenceII,
	title = {Evidence from simultaneous intracellular- and surface-{pH} transients that {Carbonic} {Anhydrase} {II} enhances {CO}$_{\textrm{2}}$ fluxes across \textit{{Xenopus}} oocytes plasma membranes},
	volume = {307},
	issn = {1522-1563},
	number = {9},
	journal = {American Journal of Physiology - Cell Physiology},
	author = {Musa-Aziz, Raif and Occhipinti, Rossana and Boron, Walter F.},
	year = {2014},
	pmid = {24965587},
	pmcid = {PMC4216939},
	pages = {C791--813}
}

@article{musa2014evidenceIV,
	title = {Evidence from simultaneous intracellular- and surface-{pH} transients that {Carbonic} {Anhydrase} {IV} enhances {CO}$_{\textrm{2}}$ fluxes across \textit{{Xenopus}} oocyte plasma membranes},
	volume = {307},
	issn = {1522-1563},
	number = {9},
	journal = {American Journal of Physiology - Cell Physiology},
	author = {Musa-Aziz, Raif and Occhipinti, Rossana and Boron, Walter F.},
	year = {2014},
	pmid = {24965590},
	pmcid = {PMC4216941},
	pages = {C814--840}
}

@article{occhipinti2014evidence,
	title = {Evidence from mathematical modeling that {Carbonic} {Anhydrase} {II} and {IV} enhance {CO}₂ fluxes across \textit{{Xenopus}} oocytes plasma membranes},
	volume = {307},
	issn = {1522-1563},
	number = {9},
	journal = {American Journal of Physiology - Cell Physiology},
	author = {Occhipinti, Rossana and Musa-Aziz, Raif and Boron, Walter F.},
	year = {2014},
	pmid = {24965589},
	pmcid = {PMC4216938},
	pages = {C841--858}
}

@article{occhipinti2015mathematical,
	title = {Mathematical modeling of acid-base physiology},
	volume = {117},
	issn = {1873-1732},
	number = {1},
	journal = {Progress in Biophysics and Molecular Biology},
	author = {Occhipinti, Rossana and Boron, Walter F.},
	year = {2015},
	pmid = {25617697},
	pages = {43--58}
}

@article{orloff1956mechanism,
	title = {The mechanism of the excretion of ammonia in the dog},
	volume = {35},
	issn = {0021-9738},
	number = {2},
	journal = {The Journal of Clinical Investigation},
	author = {Orloff, J. and Berliner, R. W.},
	year = {1956},
	pmid = {13286341},
	pmcid = {PMC438799},
	pages = {223--235}
}

@article{roos1965intracellular,
	title = {Intracellular {pH} and intracellular buffering power of the cat brain},
	volume = {209},
	issn = {0002-9513},
	number = {6},
	journal = {American Journal of Physiology},
	author = {Roos, A.},
	year = {1965},
	pmid = {5846926},
	pages = {1233--1246}
}

@article{roos1975intracellular,
	title = {Intracellular {pH} and distribution of weak acids across cell membranes. {A} study of {D}- and {L}-lactate and of {DMO} in rat diaphragm},
	volume = {249},
	issn = {0022-3751},
	number = {1},
	journal = {The Journal of Physiology},
	author = {Roos, A.},
	year = {1975},
	pmid = {239228},
	pages = {1--25}
}

@article{roos1980buffer,
	title = {The buffer value of weak acids and bases: origin of the concept, and first mathematical derivation and application to physico-chemical systems. {The} work of {M}. {Koppel} and {K}. {Spiro} (1914)},
	volume = {40},
	issn = {0034-5687},
	number = {1},
	journal = {Respiration Physiology},
	author = {Roos, A. and Boron, W. F.},
	year = {1980},
	pmid = {6994190},
	pages = {1--32}
}

@article{roos1981intracellular,
	title = {Intracellular {pH}},
	volume = {61},
	issn = {0031-9333},
	number = {2},
	journal = {Physiological Reviews},
	author = {Roos, A. and Boron, W. F.},
	year = {1981},
	pmid = {7012859},
	pages = {296--434}
}

@article{somersalo2012reaction,
	title = {A reaction-diffusion model of {CO}$_{\textrm{2}}$ influx into an oocyte},
	volume = {309},
	issn = {1095-8541},
	journal = {Journal of Theoretical Biology},
	author = {Somersalo, Erkki and Occhipinti, Rossana and Boron, Walter F. and Calvetti, Daniela},
	year = {2012},
	pmid = {22728674},
	pages = {185--203}
}

@book{sorensen2007messung,
	title = {Über die {Messung} und die {Bedeutung} der {Wasserstoffionenkonzentration} bei enzymatischen {Prozessen}},
	author = {Sørensen, Søren Peter Lauritz},
	year = {1909},
    publisher={Universit{\"a}tsbibliothek Johann Christian Senckenberg},
    pages = {131--200}
}

@article{swietach2005experimental,
	title = {Experimental Generation and Computational Modeling of Intracellular {pH} Gradients in Cardiac Myocytes},
	volume = {88},
	issn = {0006-3495},
	number = {4},
	journal = {Biophysical Journal},
	author = {Swietach, Pawel and Leem, Chae-Hun and Spitzer, Kenneth W. and Vaughan-Jones, Richard D.},
	year = {2005},
	pages = {3018--3037}
}

@article{swietach2009role,
	title = {The role of carbonic anhydrase 9 in regulating extracellular and intracellular {pH} in three-dimensional tumor cell growths},
	volume = {284},
	issn = {0021-9258},
	number = {30},
	journal = {The Journal of Biological Chemistry},
	author = {Swietach, Pawel and Patiar, Shalini and Supuran, Claudiu T. and Harris, Adrian L. and Vaughan-Jones, Richard D.},
	year = {2009},
	pmid = {19458084},
	pages = {20299--20310}
}

@article{swietach2008tumor,
	title = {Tumor-associated carbonic anhydrase 9 spatially coordinates intracellular {pH} in three-dimensional multicellular growths},
	volume = {283},
	issn = {0021-9258},
	number = {29},
	journal = {The Journal of Biological Chemistry},
	author = {Swietach, Pawel and Wigfield, Simon and Cobden, Philip and Supuran, Claudiu T. and Harris, Adrian L. and Vaughan-Jones, Richard D.},
	year = {2008},
	pmid = {18482982},
	pages = {20473--20483}
}

@article{swietach2003modelling,
	title = {Modelling intracellular {H}$^{\textrm{+}}$ ion diffusion},
	volume = {83},
	issn = {0079-6107},
	number = {2},
	journal = {Progress in Biophysics and Molecular Biology},
	author = {Swietach, Pawel and Zaniboni, Massimiliano and Stewart, Andrew K. and Rossini, Alessandra and Spitzer, Kenneth W. and Vaughan-Jones, Richard D.},
	year = {2003},
	pmid = {12865074},
	pages = {69--100}
}

@article{thomas1994kinetic,
	title = {A kinetic model of rat proximal tubule transport—{Load}-dependent bicarbonate reabsorption along the tubule},
	volume = {56},
	issn = {0092-8240},
	number = {3},
	journal = {Bulletin of Mathematical Biology},
	author = {Thomas, S. Randall and Dagher, George},
	year = {1994},
	pages = {431--458}
}

@article{thomas2006kidney,
	title = {Kidney Modeling: Status and Perspectives},
	volume = {94},
	issn = {0018-9219},
	shorttitle = {Kidney Modeling},
	number = {4},
	journal = {Proceedings of the IEEE},
	author = {Thomas, S. R. and Layton, A. T. and Layton, H. E. and Moore, L. C.},
	year = {2006},
	pages = {740--752}
}

@article{van1922measurement,
	title = {On the measurement of buffer values and on the relationship of buffer value to the dissociation constant of the buffer and the concentration and reaction of the buffer solution},
	volume = {52},
	issn = {0021-9258, 1083-351X},
	number = {2},
	journal = {Journal of Biological Chemistry},
	author = {Van Slyke, Donald D.},
	year = {1922},
	pages = {525--570}
}

@article{vaughan2002intrinsic,
	title = {Intrinsic {H}$^{\textrm{+}}$ ion mobility in the rabbit ventricular myocyte},
	volume = {541},
	issn = {0022-3751},
	number = {Pt 1},
	journal = {The Journal of Physiology},
	author = {Vaughan-Jones, R. D. and Peercy, B. E. and Keener, J. P. and Spitzer, K. W.},
	year = {2002},
	pmid = {12015426},
	pages = {139--158}
}

@article{waisbren1994unusual,
	title = {Unusual permeability properties of gastric gland cells},
	volume = {368},
	issn = {0028-0836},
	number = {6469},
	journal = {Nature},
	author = {Waisbren, S. J. and Geibel, J. P. and Modlin, I. M. and Boron, W. F.},
	year = {1994},
	pmid = {8127367},
	pages = {332--335}
}

@article{weinstein2009modeling,
	title = {Modeling Proximal Tubule Cell Homeostasis: Tracking Changes in Luminal Flow},
	volume = {71},
	issn = {1522-9602},
	shorttitle = {Modeling {Proximal} {Tubule} {Cell} {Homeostasis}},
	number = {6},
	journal = {Bulletin of Mathematical Biology},
	author = {Weinstein, Alan M. and Sontag, Eduardo D.},
	year = {2009},
	pages = {1285--1322}
}

@article{weinstein2007flow,
	title = {Flow-dependent transport in a mathematical model of rat proximal tubule},
	volume = {292},
	issn = {1931-857X},
	number = {4},
	journal = {American Journal of Physiology - Renal Physiology},
	author = {Weinstein, Alan M. and Weinbaum, Sheldon and Duan, Yi and Du, Zhaopeng and Yan, Qingshang and Wang, Tong},
	year = {2007},
	pmid = {17213461},
	pages = {F1164--1181}
}

@article{wunder1997mathematical,
	title = {Mathematical Modelling of the Role of Intra- and Extracellular Activity of Carbonic Anhydrase and Membrane Permeabilities of {HCO}₃, {{H}₂O} and {CO}₂ in $^{\textrm{18}}${O} Exchange},
	volume = {33},
	issn = {1025-6016},
	number = {1},
	journal = {Isotopes in Environmental and Health Studies},
	author = {Wunder, M. and Böllert, P. and Gros, G.},
	year = {1997},
	pages = {197--205},
}

@article{zaniboni2003intracellular,
	title = {Intracellular proton mobility and buffering power in cardiac ventricular myocytes from rat, rabbit, and guinea pig},
	volume = {285},
	issn = {0363-6135},
	number = {3},
	journal = {American Journal of Physiology-Heart and Circulatory Physiology},
	author = {Zaniboni, Massimiliano and Swietach, Pawel and Rossini, Alessandra and Yamamoto, Taku and Spitzer, Kenneth W. and Vaughan-Jones, Richard D.},
	year = {2003},
	pages = {H1236--H1246},
}
@article{hodgkin1952quantitative,
  title={A quantitative description of membrane current and its application to conduction and excitation in nerve},
  author={Hodgkin, Alan L. and Huxley, Andrew F.},
  journal={The Journal of Physiology},
  volume={117},
  number={4},
  pages={500--544},
  year={1952},
  publisher={Wiley Online Library}
}
@article{goldman1943potential,
  title={Potential, impedance, and rectification in membranes},
  author={Goldman, David E.},
  journal={Journal of General Physiology},
  volume={27},
  number={1},
  pages={37--60},
  year={1943},
  publisher={Rockefeller University Press}
}
